% This file was created with JabRef 2.4.1.
% Encoding: Cp1252

@BOOK{difeq,
  title = {Differential Equations, Linear, Nonlinear, Ordinary, partial},
  publisher = {Cambridge University Press},
  year = {2003},
  author = {A.C. King, J. Billingham and S.R. Otto},
  owner = {peterp},
  timestamp = {2008.11.05}
}

@BOOK{holo,
  title = {Optical Holography: Principles, Techniques, and Applications},
  publisher = {Cambridge University Press},
  year = {1996},
  author = {P. Hariharan},
  pages = {406},
  isbn = {0521439655, 9780521439657},
  owner = {peterp},
  timestamp = {2008.11.26}
}

@ARTICLE{amsci,
  author = {B. Hayes},
  title = {Digital Diffraction},
  journal = {American Scientist},
  year = {1996},
  volume = {84},
  pages = {210-214},
  month = {May},
  adsnote = {Provided by the SAO/NASA Astrophysics Data System},
  adsurl = {http://adsabs.harvard.edu/abs/1996AmSci..84..210H}
}

@ARTICLE{hewitt,
  author = {Edwin Hewitt and Robert E. Hewitt},
  title = {The Gibbs-Wilbraham phenomenon: An episode in fourier analysis},
  journal = {Archive for History of Exact Sciences},
  year = {1979},
  volume = {Volume 21, Number 2 / June, 1979},
  pages = {129-160},
  owner = {peterp},
  timestamp = {2009.03.06}
}

@BOOK{hunt,
  title = {The solution of second-order partial differential equations},
  author = {Bruce Hunt},
  howpublished = {\url{www.civil.canterbury.ac.nz/staff/hunt/2ndOrderPDESolution.pdf}},
  owner = {peterp},
  timestamp = {2008.11.05},
  url = {\url{www.civil.canterbury.ac.nz/staff/hunt/2ndOrderPDESolution.pdf}}
}

@INBOOK{CompAlg,
  chapter = {4 - Arithmetic of Polynomials, Rational Functions, and Power Series},
  title = {Algorithms for computer algebra},
  publisher = {Kluwer Academic Publishers},
  year = {1992},
  author = {K. O. Geddes, S. R. Czapor, G. Labahn},
  booktitle = {Algorithms for computer algebra}
}

@BOOK{Kamm,
  title = {A First Course in Fourier Analysis},
  publisher = {Cambridge University Press},
  year = {2008},
  author = {DavidW. Kammler},
  address = {Department of Mathematics
	
	Southern Illinois University at Carbondale},
  owner = {peterp},
  timestamp = {2008.11.05}
}

@BOOK{Chem,
  title = {Physical Chemistry, Understanding our Chemical World},
  publisher = {John Wiley \& Sons Ltd},
  year = {2004},
  author = {Paul Monk},
  chapter = {2,9}
}

@BOOK{duchate,
  title = {Applied Partial Differential Equations},
  publisher = {Courier Dover Publications},
  year = {2002},
  author = {Paul DuChateau, David Zachmann},
  pages = {640},
  comment = {ta vytlacena z books.google.com, integral transformy su tam},
  isbn = {0486419762, 9780486419763},
  owner = {peterp},
  timestamp = {2008.11.05}
}

@ARTICLE{Pollard,
  author = {J. M. Pollard},
  title = {The Fast Fourier Transform in a Finite Field},
  journal = {Mathematics of computation},
  year = {1971},
  volume = {25},
  pages = {365-374},
  number = {114},
  month = {April},
  url = {http://www.jstor.org/stable/2004932}
}

@MISC{bessel,
  author = {Gene Quinn},
  title = {Bessel's Equality and Inequality},
  howpublished = {\url{http://www.math.uri.edu/~quinn/web/mth629_Bessels.pdf}},
  note = {[Online; accessed 04/03/2009]},
  owner = {peterp},
  timestamp = {2009.03.04}
}

@BOOK{IrSpect,
  title = {Infrared Spectroscopy: Fundamentals and Applications},
  publisher = {John Wiley and Sons},
  year = {2004},
  author = {Barbara H. Stuart},
  pages = {224},
  month = {June},
  owner = {peterp},
  timestamp = {2008.10.30}
}

@BOOK{Introduction,
  title = {Introduction to Algorithms},
  publisher = {MIT Press and McGraw-Hill},
  year = {2001},
  author = {Thomas H. Cormen, Charles E. Leiserson, Ronald L. Rivest and Clifford
	Stein},
  edition = {second}
}

@ARTICLE{trester,
  author = {Seymour Trester},
  title = {Computer-Simulated Fresnel Diffraction Using the Fourier Transform},
  journal = {Computing in Science and Engg.},
  year = {1999},
  volume = {1},
  pages = {77--83},
  number = {5},
  address = {Piscataway, NJ, USA},
  doi = {http://dx.doi.org/10.1109/5992.790591},
  issn = {1521-9615},
  publisher = {IEEE Educational Activities Department}
}

@BOOK{eldyn,
  title = {Classical Electrodynamics},
  publisher = {World Scientific},
  year = {1998},
  author = {T. Tsang},
  pages = {411},
  isbn = {9810230419, 9789810230418},
  owner = {peterp},
  timestamp = {2008.11.25}
}

@MISC{webspectra,
  author = {WebSpectra},
  title = {WebSpectra},
  howpublished = {\url{http://www.chem.ucla.edu/~webspectra/index.html}},
  year = {2008},
  note = {[Online; accessed 27-October-2008]},
  url = {\url{http://www.chem.ucla.edu/~webspectra/index.html}}
}

@MISC{wiki:cauchy,
  author = {Wikipedia},
  title = {Cauchy–Schwarz inequality --- Wikipedia{,} The Free Encyclopedia},
  year = {2009},
  note = {[Online; accessed 4-March-2009]},
  url = {http://en.wikipedia.org/w/index.php?title=Cauchy%E2%80%93Schwarz_inequality&oldid=273498245}
}

@MISC{wiki:bonds,
  author = {Wikipedia},
  title = {Chemical bond --- Wikipedia{,} The Free Encyclopedia},
  howpublished = {\url{http://en.wikipedia.org/w/index.php?title=Chemical_bond\&oldid=247844618}},
  year = {2008},
  note = {[Online; accessed 27-October-2008]},
  url = {\url{http://en.wikipedia.org/w/index.php?title=Chemical_bond\&oldid=247844618}}
}

@MISC{wiki:dft,
  author = {Wikipedia},
  title = {Discrete Fourier transform --- Wikipedia{,} The Free Encyclopedia},
  howpublished = {\url{http://en.wikipedia.org/w/index.php?title=Discrete_Fourier_transform\&oldid=244645212}},
  year = {2008},
  note = {[Online; accessed 23-October-2008]},
  url = {http://en.wikipedia.org/w/index.php?title=Discrete_Fourier_transform\&oldid=244645212}
}

@MISC{wiki:fft,
  author = {Wikipedia},
  title = {Fast Fourier transform --- Wikipedia{,} The Free Encyclopedia},
  howpublished = {\url{http://en.wikipedia.org/w/index.php?title=Fast_Fourier_transform\&oldid=245895472}},
  year = {2008},
  note = {[Online; accessed 23-October-2008]},
  url = {http://en.wikipedia.org/w/index.php?title=Fast_Fourier_transform\&oldid=245895472}
}

@MISC{wiki:spectro,
  author = {Wikipedia},
  title = {Infrared spectroscopy correlation table --- Wikipedia{,} The Free
	Encyclopedia},
  howpublished = {\url{http://en.wikipedia.org/w/index.php?title=Infrared_spectroscopy_correlation_table&oldid=230687868}},
  year = {2008},
  note = {[Online; accessed 28-October-2008]},
  url = {\url{http://en.wikipedia.org/w/index.php?title=Infrared_spectroscopy_correlation_table&oldid=230687868}}
}

@MISC{wiki:spectrometer,
  author = {Wikipedia},
  title = {Spectrometer --- Wikipedia{,} The Free Encyclopedia},
  howpublished = {\url{http://en.wikipedia.org/w/index.php?title=Spectrometer&oldid=249328361}},
  year = {2008},
  note = {[Online; accessed 5-November-2008]},
  url = {\url{http://en.wikipedia.org/w/index.php?title=Spectrometer&oldid=249328361}}
}

@MISC{wiki:triangle,
  author = {Wikipedia},
  title = {Triangle inequality --- Wikipedia{,} The Free Encyclopedia},
  year = {2008},
  note = {[Online; accessed 4-March-2009]},
  url = {\url{http://en.wikipedia.org/w/index.php?title=Triangle_inequality&oldid=245913442}}
}

@MISC{Cmlab,
  author = {Ja-Ling Wu},
  title = {Fast Fourier Transform},
  howpublished = {\url{http://www.cmlab.csie.ntu.edu.tw/cml/dsp/training/coding/transform/fft.html}},
  note = {radix-2 a radix-4 algoritmy},
  url = {http://www.cmlab.csie.ntu.edu.tw/cml/dsp/training/coding/transform/fft.html}
}

